<?xml version="1.0" encoding="UTF-8"?><collection xmlns="http://www.loc.gov/MARC21/slim"><record><leader>00431nam--2200169-i-4500</leader><controlfield tag="001">000017035</controlfield><controlfield tag="002">20161230</controlfield><controlfield tag="005">20170126005622</controlfield><controlfield tag="008">060222s1000------------r-----000-0-eng-d</controlfield><datafield ind1=" " ind2=" " tag="080"><subfield code="a">517</subfield></datafield><datafield ind1="1" ind2=" " tag="100"><subfield code="a">Grobner, Wolfgang</subfield></datafield><datafield ind1="1" ind2="0" tag="245"><subfield code="a">Contributions to the method of lie series</subfield></datafield><datafield ind1=" " ind2=" " tag="260"><subfield code="a">Manheim</subfield><subfield code="b">Bibliographisches Institut</subfield><subfield code="c">1967</subfield></datafield><datafield ind1=" " ind2=" " tag="300"><subfield code="a">265 p</subfield></datafield><datafield ind1=" " ind2=" " tag="700"><subfield code="a">Knapp, H</subfield></datafield><datafield ind1=" " ind2=" " tag="852"><subfield code="a">28714</subfield><subfield code="c">517</subfield></datafield><datafield ind1=" " ind2=" " tag="CAT"><subfield code="a">SYS</subfield><subfield code="c">20170126</subfield><subfield code="h">005622</subfield></datafield></record></collection>